<record><leader>00000cas a22000007a 4500</leader><controlfield tag="001">36004166</controlfield><controlfield tag="008">961126d190u1938sduwr ne      0    0eng d</controlfield><datafield ind1=" " ind2=" " tag="010"><subfield code="a">sn 96090287 </subfield></datafield><datafield ind1=" " ind2=" " tag="040"><subfield code="a">SXN</subfield><subfield code="b">eng</subfield><subfield code="c">SXN</subfield><subfield code="d">OCLCQ</subfield></datafield><datafield ind1=" " ind2=" " tag="042"><subfield code="a">msc</subfield></datafield><datafield ind1="0" ind2="0" tag="245"><subfield code="a">Fairfax advertiser.</subfield></datafield><datafield ind1="3" ind2="0" tag="246"><subfield code="a">Fairfax, Gregory County advertiser</subfield></datafield><datafield ind1="3" ind2="0" tag="246"><subfield code="a">Gregory County, Fairfax advertiser</subfield></datafield><datafield ind1=" " ind2=" " tag="260"><subfield code="a">Fairfax, Gregory County, S.D. :</subfield><subfield code="b">Flint Bros.</subfield></datafield><datafield ind1=" " ind2=" " tag="300"><subfield code="a">v.</subfield></datafield><datafield ind1=" " ind2=" " tag="310"><subfield code="a">Weekly</subfield></datafield><datafield ind1="0" ind2=" " tag="362"><subfield code="a">-v. 35, no. 38 (Aug. 25, 1938).</subfield></datafield><datafield ind1=" " ind2=" " tag="530"><subfield code="a">Available on microfilm from: State Archives, South Dakota State Historical Society.</subfield></datafield><datafield ind1=" " ind2=" " tag="580"><subfield code="a">Merged with: Bonesteel enterprise (Bonesteel, S.D. : 1936), to form: Bonesteel enterprise and Fairfax advertiser.</subfield></datafield><datafield ind1=" " ind2=" " tag="588"><subfield code="a">Description based on: Vol. 1, no. 4 (Jan. 7, 1904).</subfield></datafield><datafield ind1=" " ind2=" " tag="752"><subfield code="a">United States</subfield><subfield code="b">South Dakota</subfield><subfield code="c">Gregory</subfield><subfield code="d">Fairfax.</subfield></datafield><datafield ind1="1" ind2="4" tag="780"><subfield code="t">Bonesteel enterprise (Bonesteel, S.D. : 1936)</subfield><subfield code="w">(DLC)sn 96090284</subfield></datafield><datafield ind1="1" ind2="4" tag="780"><subfield code="t">Bonesteel enterprise and Fairfax advertiser</subfield><subfield code="w">(DLC)sn 96090285</subfield></datafield></record>